<?xml version="1.0" encoding="UTF-8"?><collection xmlns="http://www.loc.gov/MARC21/slim"><record><leader>00571nam--2200181-i-4500</leader><controlfield tag="001">000020763</controlfield><controlfield tag="002">20161230</controlfield><controlfield tag="005">20170225202048</controlfield><controlfield tag="008">060222s1000------------r-----000-0-eng-d</controlfield><datafield ind1=" " ind2=" " tag="020"><subfield code="a">981-02-2</subfield></datafield><datafield ind1=" " ind2=" " tag="080"><subfield code="a">530.145:539.2</subfield></datafield><datafield ind1=" " ind2=" " tag="245"><subfield code="a">Low-dimensional quantum field theories for condensed matter physicists lecture notes of ICTP summer course Trieste, Italy, September 1992</subfield></datafield><datafield ind1=" " ind2=" " tag="260"><subfield code="a">Singapore</subfield><subfield code="b">World Scientific</subfield><subfield code="c">1995</subfield></datafield><datafield ind1=" " ind2=" " tag="300"><subfield code="a">611 p</subfield></datafield><datafield ind1=" " ind2=" " tag="490"><subfield code="a">Series On Modern Condensed Matter Physics</subfield></datafield><datafield ind1=" " ind2=" " tag="700"><subfield code="a">Lu, Yu</subfield></datafield><datafield ind1=" " ind2=" " tag="852"><subfield code="a">80804</subfield></datafield><datafield ind1=" " ind2=" " tag="CAT"><subfield code="a">SYS</subfield><subfield code="c">20170225</subfield><subfield code="h">202048</subfield></datafield></record></collection>